<record><leader>00000cas a22000007a 4500</leader><controlfield tag="001">11567443</controlfield><controlfield tag="008">850110d18331834mauwr ne      0    0eng d</controlfield><controlfield tag="009">3781</controlfield><datafield ind1=" " ind2=" " tag="010"><subfield code="a">sn 85033005 </subfield></datafield><datafield ind1=" " ind2=" " tag="040"><subfield code="a">NPU</subfield><subfield code="b">eng</subfield><subfield code="c">NPU</subfield><subfield code="d">OCL</subfield><subfield code="d">DLC</subfield><subfield code="d">MGN</subfield><subfield code="d">DLC</subfield></datafield><datafield ind1="1" ind2=" " tag="029"><subfield code="a">AU@</subfield><subfield code="b">000025834044</subfield></datafield><datafield ind1=" " ind2=" " tag="042"><subfield code="a">msc</subfield></datafield><datafield ind1="0" ind2="0" tag="050"><subfield code="a">Newspaper 8160-X</subfield></datafield><datafield ind1="0" ind2="0" tag="245"><subfield code="a">Bunker-Hill Aurora, and Middlesex County advertiser.</subfield></datafield><datafield ind1="0" ind2="0" tag="246"><subfield code="a">Bunker Hill Aurora, and Middlesex County advertiser</subfield></datafield><datafield ind1=" " ind2=" " tag="260"><subfield code="a">Charlestown [Boston], Mass. :</subfield><subfield code="b">Wm. W. Wheildon,</subfield></datafield><datafield ind1=" " ind2=" " tag="300"><subfield code="a">v. ;</subfield><subfield code="c">56 cm.</subfield></datafield><datafield ind1=" " ind2=" " tag="310"><subfield code="a">Weekly</subfield></datafield><datafield ind1="0" ind2=" " tag="362"><subfield code="a">Vol. 7, no. 6 (Feb. 9, 1833)-v. 8, no. 8 (Feb. 22, 1834).</subfield></datafield><datafield ind1=" " ind2=" " tag="500"><subfield code="a">Published simultaneously in Concord, Mass.</subfield></datafield><datafield ind1=" " ind2=" " tag="752"><subfield code="a">United States</subfield><subfield code="b">Massachusetts</subfield><subfield code="c">Suffolk</subfield><subfield code="d">Boston.</subfield></datafield><datafield ind1=" " ind2=" " tag="752"><subfield code="a">United States</subfield><subfield code="b">Massachusetts</subfield><subfield code="c">Middlesex</subfield><subfield code="d">Concord.</subfield></datafield><datafield ind1="0" ind2="0" tag="780"><subfield code="t">Bunker-Hill Aurora (Charlestown, Mass. : 1829)</subfield><subfield code="w">(DLC)sn 83020139</subfield></datafield><datafield ind1="0" ind2="7" tag="785"><subfield code="t">Boston masonic mirror (Boston, Mass. : 1830)</subfield><subfield code="x">2157-0507</subfield><subfield code="w">(DLC)  2010200401</subfield><subfield code="w">(OCoLC)7185068</subfield></datafield><datafield ind1="0" ind2="7" tag="785"><subfield code="t">Bunker-Hill Aurora, and Boston mirror</subfield><subfield code="w">(DLC)sn 83020140</subfield></datafield></record>